<record><leader>00000cas a2200000 a 4500</leader><controlfield tag="001">30447673</controlfield><controlfield tag="008">940517d18851988iluwr ne      0    0eng c</controlfield><datafield ind1=" " ind2=" " tag="010"><subfield code="a">sn 94054396 </subfield></datafield><datafield ind1=" " ind2=" " tag="040"><subfield code="a">NVF</subfield><subfield code="b">eng</subfield><subfield code="c">NVF</subfield><subfield code="d">OCLCQ</subfield><subfield code="d">CVF</subfield><subfield code="d">NVF</subfield><subfield code="d">OCLCQ</subfield><subfield code="d">OCLCF</subfield><subfield code="d">OCLCO</subfield></datafield><datafield ind1="1" ind2=" " tag="029"><subfield code="a">AU@</subfield><subfield code="b">000025340323</subfield></datafield><datafield ind1=" " ind2=" " tag="042"><subfield code="a">pcc</subfield></datafield><datafield ind1=" " ind2=" " tag="043"><subfield code="a">n-us-il</subfield></datafield><datafield ind1="0" ind2=" " tag="130"><subfield code="a">Hampshire register (Hampshire, Ill. : 1885)</subfield></datafield><datafield ind1="1" ind2="4" tag="245"><subfield code="a">The Hampshire register.</subfield></datafield><datafield ind1=" " ind2=" " tag="260"><subfield code="a">Hampshire, Ill. :</subfield><subfield code="b">Sisley Bros.,</subfield><subfield code="c">1885-1988.</subfield></datafield><datafield ind1=" " ind2=" " tag="300"><subfield code="a">v.</subfield></datafield><datafield ind1=" " ind2=" " tag="310"><subfield code="a">Weekly</subfield></datafield><datafield ind1="0" ind2=" " tag="362"><subfield code="a">Vol. 1, no. 1 (Mar. 5, 1885)-v. 104, no. 23 (Aug. 31, 1988).</subfield></datafield><datafield ind1=" " ind2="0" tag="651"><subfield code="a">Hampshire (Ill.)</subfield><subfield code="v">Newspapers.</subfield></datafield><datafield ind1=" " ind2="7" tag="655"><subfield code="a">Newspapers.</subfield><subfield code="2">fast</subfield><subfield code="0">(OCoLC)fst01423814</subfield></datafield><datafield ind1=" " ind2="7" tag="651"><subfield code="a">Illinois</subfield><subfield code="z">Hampshire.</subfield><subfield code="2">fast</subfield><subfield code="0">(OCoLC)fst01306945</subfield></datafield><datafield ind1=" " ind2=" " tag="752"><subfield code="a">United States</subfield><subfield code="b">Illinois</subfield><subfield code="c">Kane</subfield><subfield code="d">Hampshire.</subfield></datafield><datafield ind1="0" ind2="0" tag="785"><subfield code="t">Hampshire register news (Hampshire, Ill. : 1988)</subfield><subfield code="w">(DLC)sn 94054400</subfield><subfield code="w">(OCoLC)30447782</subfield></datafield></record>